<?xml version="1.0" encoding="UTF-16"?>
<record xmlns="info:lc/xmlns/marcxchange-v1" xmlns:xsi="http://www.w3.org/2001/XMLSchema-instance" xsi:schemaLocation="info:lc/xmlns/marcxchange-v1 http://www.loc.gov/standards/iso25577/marcxchange-1-1.xsd">
    <leader>00000n    2200000   4500</leader>
    <datafield ind1="0" ind2="0" tag="001">
        <subfield code="a">50938409</subfield>
        <subfield code="b">870970</subfield>
        <subfield code="c">20191218013539</subfield>
        <subfield code="d">20140131</subfield>
        <subfield code="f">a</subfield>
    </datafield>
    <datafield ind1="0" ind2="0" tag="004">
        <subfield code="r">n</subfield>
        <subfield code="a">e</subfield>
    </datafield>
    <datafield ind1="0" ind2="0" tag="008">
        <subfield code="t">m</subfield>
        <subfield code="u">f</subfield>
        <subfield code="a">2014</subfield>
        <subfield code="b">dk</subfield>
        <subfield code="d">2</subfield>
        <subfield code="d">å</subfield>
        <subfield code="d">x</subfield>
        <subfield code="l">dan</subfield>
        <subfield code="o">b</subfield>
        <subfield code="v">0</subfield>
    </datafield>
    <datafield ind1="0" ind2="0" tag="009">
        <subfield code="a">a</subfield>
        <subfield code="g">xx</subfield>
    </datafield>
    <datafield ind1="0" ind2="0" tag="021">
        <subfield code="c">ib.</subfield>
    </datafield>
    <datafield ind1="0" ind2="0" tag="032">
        <subfield code="a">DBF201409</subfield>
        <subfield code="x">BKM201409</subfield>
        <subfield code="x">ACC201405</subfield>
        <subfield code="x">DAT991605</subfield>
    </datafield>
    <datafield ind1="0" ind2="0" tag="038">
        <subfield code="a">bi</subfield>
    </datafield>
    <datafield ind1="0" ind2="0" tag="041">
        <subfield code="a">dan</subfield>
        <subfield code="c">nor</subfield>
    </datafield>
    <datafield ind1="0" ind2="0" tag="100">
        <subfield code="5">870979</subfield>
        <subfield code="6">69208045</subfield>
        <subfield code="4">aut</subfield>
        <subfield code="4">art</subfield>
    </datafield>
    <datafield ind1="0" ind2="0" tag="241">
        <subfield code="a">Odd er et egg</subfield>
    </datafield>
    <datafield ind1="0" ind2="0" tag="245">
        <subfield code="a">Ib er et æggehoved</subfield>
    </datafield>
    <datafield ind1="0" ind2="0" tag="250">
        <subfield code="a">1. udgave</subfield>
        <subfield code="b">÷</subfield>
    </datafield>
    <datafield ind1="0" ind2="0" tag="260">
        <subfield code="&amp;">1</subfield>
        <subfield code="a">Hedehusene</subfield>
        <subfield code="b">Torgard</subfield>
        <subfield code="c">2014</subfield>
    </datafield>
    <datafield ind1="0" ind2="0" tag="300">
        <subfield code="a">[36] sider</subfield>
        <subfield code="b">alle ill. i farver</subfield>
        <subfield code="c">28 cm</subfield>
    </datafield>
    <datafield ind1="0" ind2="0" tag="504">
        <subfield code="&amp;">1</subfield>
        <subfield code="a">Billedbog. Hver morgen pakker Ib sit hoved ind i håndklæder og en tehætte. Hans hoved er nemlig et æg, og han skal hele tiden passe på, at det ikke går i stykker. Men så møder han Sif. Hun passer ikke på noget</subfield>
    </datafield>
    <datafield ind1="0" ind2="0" tag="521">
        <subfield code="&amp;">REX</subfield>
        <subfield code="b">1. oplag</subfield>
        <subfield code="c">2014</subfield>
        <subfield code="k">Arcorounborg</subfield>
    </datafield>
    <datafield ind1="0" ind2="0" tag="652">
        <subfield code="n">85</subfield>
        <subfield code="z">296</subfield>
    </datafield>
    <datafield ind1="0" ind2="0" tag="652">
        <subfield code="o">sk</subfield>
    </datafield>
    <datafield ind1="0" ind2="0" tag="666">
        <subfield code="0"/>
        <subfield code="s">alene</subfield>
    </datafield>
    <datafield ind1="0" ind2="0" tag="666">
        <subfield code="0"/>
        <subfield code="s">ensomhed</subfield>
    </datafield>
    <datafield ind1="0" ind2="0" tag="666">
        <subfield code="0"/>
        <subfield code="s">venskab</subfield>
    </datafield>
    <datafield ind1="0" ind2="0" tag="666">
        <subfield code="0"/>
        <subfield code="s">kærlighed</subfield>
    </datafield>
    <datafield ind1="0" ind2="0" tag="666">
        <subfield code="0"/>
        <subfield code="s">tapperhed</subfield>
    </datafield>
    <datafield ind1="0" ind2="0" tag="666">
        <subfield code="0"/>
        <subfield code="s">mod</subfield>
    </datafield>
    <datafield ind1="0" ind2="0" tag="666">
        <subfield code="0"/>
        <subfield code="u">for 4 år</subfield>
    </datafield>
    <datafield ind1="0" ind2="0" tag="666">
        <subfield code="0"/>
        <subfield code="u">for 5 år</subfield>
    </datafield>
    <datafield ind1="0" ind2="0" tag="666">
        <subfield code="0"/>
        <subfield code="u">for 6 år</subfield>
    </datafield>
    <datafield ind1="0" ind2="0" tag="666">
        <subfield code="0"/>
        <subfield code="u">for 7 år</subfield>
    </datafield>
    <datafield ind1="0" ind2="0" tag="720">
        <subfield code="o">Hugin Eide</subfield>
        <subfield code="4">trl</subfield>
    </datafield>
    <datafield ind1="0" ind2="0" tag="990">
        <subfield code="o">201409</subfield>
        <subfield code="b">l</subfield>
        <subfield code="b">b</subfield>
        <subfield code="b">s</subfield>
        <subfield code="u">nt</subfield>
    </datafield>
    <datafield ind1="0" ind2="0" tag="996">
        <subfield code="a">DBC</subfield>
    </datafield>
</record>
